<record><leader>00000cas a2200000 a 4500</leader><controlfield tag="001">49900619</controlfield><controlfield tag="008">020601d19691970caudr ne      0    0eng c</controlfield><datafield ind1=" " ind2=" " tag="010"><subfield code="a">sn2002060518</subfield></datafield><datafield ind1=" " ind2=" " tag="040"><subfield code="a">CNK</subfield><subfield code="b">eng</subfield><subfield code="c">CNK</subfield><subfield code="d">CNK</subfield><subfield code="d">OCLCQ</subfield><subfield code="d">OCLCF</subfield><subfield code="d">OCLCO</subfield></datafield><datafield ind1="1" ind2=" " tag="029"><subfield code="a">AU@</subfield><subfield code="b">000026091099</subfield></datafield><datafield ind1=" " ind2=" " tag="042"><subfield code="a">pcc</subfield></datafield><datafield ind1=" " ind2=" " tag="043"><subfield code="a">n-us-ca</subfield></datafield><datafield ind1="0" ind2=" " tag="130"><subfield code="a">Daily dispatch (Gilroy, Calif.)</subfield></datafield><datafield ind1="1" ind2="4" tag="245"><subfield code="a">The daily dispatch.</subfield></datafield><datafield ind1="1" ind2="3" tag="246"><subfield code="a">Gilroy evening dispatch</subfield></datafield><datafield ind1=" " ind2=" " tag="260"><subfield code="a">Gilroy, Calif. :</subfield><subfield code="b">Califia Corp.</subfield></datafield><datafield ind1=" " ind2=" " tag="300"><subfield code="a">v.</subfield></datafield><datafield ind1=" " ind2=" " tag="310"><subfield code="a">Daily (except Sat. and Sun.)</subfield></datafield><datafield ind1="0" ind2=" " tag="362"><subfield code="a">Vol. 101, no. 27 (Sept. 29, 1969)-101st year, no. 98 (Jan. 9, 1970).</subfield></datafield><datafield ind1=" " ind2=" " tag="500"><subfield code="a">"Serving Gilroy, San Martin, Morgan Hill, Coyote and South Santa Clara County."</subfield></datafield><datafield ind1=" " ind2=" " tag="500"><subfield code="a">"Combining Advocate, founded 1868; California Weekly Leader, 1875; Gilroy Evening Telegram, 1893; Gilroy Gazette, 1879."</subfield></datafield><datafield ind1=" " ind2=" " tag="530"><subfield code="a">Master negatives are available for duplication from:</subfield><subfield code="b">California Newspaper Microfilm Archive;</subfield><subfield code="c">positive copies may be purchased by the reel; for further information consult the CNMA at:</subfield><subfield code="u">http://cbsr.ucr.edu</subfield></datafield><datafield ind1=" " ind2="0" tag="651"><subfield code="a">Gilroy (Calif.)</subfield><subfield code="v">Newspapers.</subfield></datafield><datafield ind1=" " ind2="0" tag="651"><subfield code="a">Santa Clara County (Calif.)</subfield><subfield code="v">Newspapers.</subfield></datafield><datafield ind1=" " ind2="7" tag="655"><subfield code="a">Newspapers.</subfield><subfield code="2">fast</subfield><subfield code="0">(OCoLC)fst01423814</subfield></datafield><datafield ind1=" " ind2="7" tag="651"><subfield code="a">California</subfield><subfield code="z">Gilroy.</subfield><subfield code="2">fast</subfield><subfield code="0">(OCoLC)fst01215510</subfield></datafield><datafield ind1=" " ind2="7" tag="651"><subfield code="a">California</subfield><subfield code="z">Santa Clara County.</subfield><subfield code="2">fast</subfield><subfield code="0">(OCoLC)fst01206015</subfield></datafield><datafield ind1=" " ind2=" " tag="752"><subfield code="a">United States</subfield><subfield code="b">California</subfield><subfield code="c">Santa Clara</subfield><subfield code="d">Gilroy.</subfield></datafield><datafield ind1="0" ind2="0" tag="780"><subfield code="t">Gilroy evening dispatch (Gilroy, Calif. : 1966)</subfield><subfield code="w">(DLC)sn2002060517</subfield></datafield><datafield ind1="0" ind2="0" tag="785"><subfield code="t">Gilroy dispatch</subfield><subfield code="w">(DLC)sn2002060519</subfield></datafield></record>